
@article{Booth_2009,
	doi = {10.1063/1.3193710},
	url = {https://doi.org/10.1063%2F1.3193710},
	year = 2009,
	publisher = {{AIP} Publishing},
	volume = {131},
	number = {5},
	pages = {054106},
	author = {George H. Booth and Alex J. W. Thom and Ali Alavi},
	title = {Fermion Monte Carlo without fixed nodes: A game of life, death, and annihilation in Slater determinant space},
	journal = {The Journal of Chemical Physics}
}

@article{Bytautas_2009,
	doi = {10.1016/j.chemphys.2008.11.021},
	url = {https://doi.org/10.1016%2Fj.chemphys.2008.11.021},
	year = 2009,
	month = {feb},
	publisher = {Elsevier {BV}},
	volume = {356},
	number = {1-3},
	pages = {64--75},
	author = {Laimutis Bytautas and Klaus Ruedenberg},
	title = {A priori identification of configurational deadwood},
	journal = {Chemical Physics}
}

@article{Giner_2013,
	doi = {10.1139/cjc-2013-0017},
	url = {https://doi.org/10.1139%2Fcjc-2013-0017},
	year = 2013,
	month = {sep},
	publisher = {Canadian Science Publishing},
	volume = {91},
	number = {9},
	pages = {879--885},
	author = {Emmanuel Giner and Anthony Scemama and Michel Caffarel},
	title = {Using perturbatively selected configuration interaction in quantum Monte Carlo calculations},
	journal = {Canadian Journal of Chemistry}
}

@article{Ohtsuka_2017,
	doi = {10.1063/1.4993214},
	url = {https://doi.org/10.1063%2F1.4993214},
	year = 2017,
	month = {jul},
	publisher = {{AIP} Publishing},
	volume = {147},
	number = {3},
	pages = {034102},
	author = {Yuhki Ohtsuka and Jun-ya Hasegawa},
	title = {Selected configuration interaction method using sampled first-order corrections to wave functions},
	journal = {The Journal of Chemical Physics}
}

@article{Buenker_2014,
	doi = {10.1007/s00214-014-1468-7},
	url = {https://doi.org/10.1007%2Fs00214-014-1468-7},
	year = 2014,
	month = {mar},
	publisher = {Springer Nature},
	volume = {133},
	number = {4},
	author = {Robert J. Buenker and Robin A. Phillips and Stefan Krebs and Heinz-Peter Liebermann and Aleksey B. Alekseyev and Peter Funke},
	title = {The Wuppertal multireference configuration interaction ({MRD}-{CI}) program system},
	journal = {Theoretical Chemistry Accounts}
}


@article{Stampfuss_2005,
	doi = {10.1063/1.1829045},
	url = {https://doi.org/10.1063%2F1.1829045},
	year = 2005,
	month = {jan},
	publisher = {{AIP} Publishing},
	volume = {122},
	number = {2},
	pages = {024110},
	author = {P. Stampfu{\ss} and W. Wenzel},
	title = {Improved implementation and application of the individually selecting configuration interaction method},
	journal = {The Journal of Chemical Physics}
}



@article{Holmes_2016,
	doi = {10.1021/acs.jctc.6b00407},
	url = {https://doi.org/10.1021%2Facs.jctc.6b00407},
	year = 2016,
	month = {aug},
	publisher = {American Chemical Society ({ACS})},
	volume = {12},
	number = {8},
	pages = {3674--3680},
	author = {Adam A. Holmes and Norm M. Tubman and C. J. Umrigar},
	title = {Heat-Bath Configuration Interaction: An Efficient Selected Configuration Interaction Algorithm Inspired by Heat-Bath Sampling},
	journal = {Journal of Chemical Theory and Computation}
}

@article{Coe_2018,
	doi = {10.1021/acs.jctc.8b00849},
	url = {https://doi.org/10.1021%2Facs.jctc.8b00849},
	year = 2018,
	month = {oct},
	publisher = {American Chemical Society ({ACS})},
	volume = {14},
	number = {11},
	pages = {5739--5749},
	author = {J. P. Coe},
	title = {Machine Learning Configuration Interaction},
	journal = {Journal of Chemical Theory and Computation}
}

@article{Harrison_1991,
	doi = {10.1063/1.460537},
	url = {https://doi.org/10.1063%2F1.460537},
	year = 1991,
	month = {apr},
	publisher = {{AIP} Publishing},
	volume = {94},
	number = {7},
	pages = {5021--5031},
	author = {Robert J. Harrison},
	title = {Approximating full configuration interaction with selected configuration interaction and perturbation theory},
	journal = {The Journal of Chemical Physics}
}

@article{Greer_1998,
	doi = {10.1006/jcph.1998.5953},
	url = {https://doi.org/10.1006%2Fjcph.1998.5953},
	year = 1998,
	month = {oct},
	publisher = {Elsevier {BV}},
	volume = {146},
	number = {1},
	pages = {181--202},
	author = {J.C. Greer},
	title = {Monte Carlo Configuration Interaction},
	journal = {Journal of Computational Physics}
}



@article{Scemama_2018,
        doi = {10.1063/1.5041327},
        url = {https://doi.org/10.1063%2F1.5041327},
        year = 2018,
        month = {jul},
        publisher = {{AIP} Publishing},
        volume = {149},
        number = {3},
        pages = {034108},
        author = {Anthony Scemama and Anouar Benali and Denis Jacquemin and Michel Caffarel and Pierre-Fran{\c{c}}ois Loos},
        title = {Excitation energies from diffusion Monte Carlo using selected configuration interaction nodes},
        journal = {The Journal of Chemical Physics}
}

@article{Loos_2018,
	doi = {10.1021/acs.jctc.8b00406},
	url = {https://doi.org/10.1021%2Facs.jctc.8b00406},
	year = 2018,
	month = {jul},
	publisher = {American Chemical Society ({ACS})},
	volume = {14},
	number = {8},
	pages = {4360--4379},
	author = {Pierre-Fran{\c{c}}ois Loos and Anthony Scemama and Aymeric Blondel and Yann Garniron and Michel Caffarel and Denis Jacquemin},
	title = {A Mountaineering Strategy to Excited States: Highly Accurate Reference Energies and Benchmarks},
	journal = {Journal of Chemical Theory and Computation}
}

@article{Dash_2018,
	doi = {10.1021/acs.jctc.8b00393},
	url = {https://doi.org/10.1021%2Facs.jctc.8b00393},
	year = 2018,
	month = {jun},
	publisher = {American Chemical Society ({ACS})},
	volume = {14},
	number = {8},
	pages = {4176--4182},
	author = {Monika Dash and Saverio Moroni and Anthony Scemama and Claudia Filippi},
	title = {Perturbatively Selected Configuration-Interaction Wave Functions for Efficient Geometry Optimization in Quantum Monte Carlo},
	journal = {Journal of Chemical Theory and Computation}
}

@article{Schriber_2017,
	doi = {10.1021/acs.jctc.7b00725},
	url = {https://doi.org/10.1021%2Facs.jctc.7b00725},
	year = 2017,
	month = {oct},
	publisher = {American Chemical Society ({ACS})},
	volume = {13},
	number = {11},
	pages = {5354--5366},
	author = {Jeffrey B. Schriber and Francesco A. Evangelista},
	title = {Adaptive Configuration Interaction for Computing Challenging Electronic Excited States with Tunable Accuracy},
	journal = {Journal of Chemical Theory and Computation}
}

@article{Coe_2013,
	doi = {10.1063/1.4824888},
	url = {https://doi.org/10.1063%2F1.4824888},
	year = 2013,
	month = {oct},
	publisher = {{AIP} Publishing},
	volume = {139},
	number = {15},
	pages = {154103},
	author = {J. P. Coe and M. J. Paterson},
	title = {State-averaged Monte Carlo configuration interaction applied to electronically excited states},
	journal = {The Journal of Chemical Physics}
}



@article{Fales_2017,
	doi = {10.1021/acs.jctc.7b00466},
	url = {https://doi.org/10.1021%2Facs.jctc.7b00466},
	year = 2017,
	month = {aug},
	publisher = {American Chemical Society ({ACS})},
	volume = {13},
	number = {9},
	pages = {4162--4172},
	author = {B. Scott Fales and Edward G. Hohenstein and Benjamin G. Levine},
	title = {Robust and Efficient Spin Purification for Determinantal Configuration Interaction},
	journal = {Journal of Chemical Theory and Computation}
}

@article{Smeyers_1973,
	doi = {10.1002/qua.560070406},
	url = {https://doi.org/10.1002%2Fqua.560070406},
	year = 1973,
	month = {jul},
	publisher = {Wiley},
	volume = {7},
	number = {4},
	pages = {687--698},
	author = {Yves G. Smeyers and L. Doreste-Suarez},
	title = {Half-Projected and Projected Hartree-Fock Calculations for Singlet Ground States. i. four-Electron Atomic Systems},
	journal = {International Journal of Quantum Chemistry}
}

@article{Holmes_2017,
	doi = {10.1063/1.4998614},
	url = {https://doi.org/10.1063%2F1.4998614},
	year = 2017,
	month = {oct},
	publisher = {{AIP} Publishing},
	volume = {147},
	number = {16},
	pages = {164111},
	author = {Adam A. Holmes and C. J. Umrigar and Sandeep Sharma},
	title = {Excited states using semistochastic heat-bath configuration interaction},
	journal = {The Journal of Chemical Physics}
}

@incollection{Bytautas_2007,
	doi = {10.1021/bk-2007-0958.ch007},
	url = {https://doi.org/10.1021%2Fbk-2007-0958.ch007},
	year = 2007,
	month = {mar},
	publisher = {American Chemical Society},
	pages = {103--123},
	author = {Laimutis Bytautas and Klaus Ruedenberg},
	title = {Economical Description of Electron Correlation},
	booktitle = {{ACS} Symposium Series}
}


@article{Bender_1969,
	doi = {10.1103/physrev.183.23},
	url = {https://doi.org/10.1103%2Fphysrev.183.23},
	year = 1969,
	month = {jul},
	publisher = {American Physical Society ({APS})},
	volume = {183},
	number = {1},
	pages = {23--30},
	author = {Charles F. Bender and Ernest R. Davidson},
	title = {Studies in Configuration Interaction: The First-Row Diatomic Hydrides},
	journal = {Physical Review}
}

@article{Whitten_1969,
	doi = {10.1063/1.1671985},
	url = {https://doi.org/10.1063%2F1.1671985},
	year = 1969,
	month = {dec},
	publisher = {{AIP} Publishing},
	volume = {51},
	number = {12},
	pages = {5584--5596},
	author = {J. L. Whitten and Melvyn Hackmeyer},
	title = {Configuration Interaction Studies of Ground and Excited States of Polyatomic Molecules. I. The {CI} Formulation and Studies of Formaldehyde},
	journal = {The Journal of Chemical Physics}
}


@article{Huron_1973,
	doi = {10.1063/1.1679199},
	url = {https://doi.org/10.1063%2F1.1679199},
	year = 1973,
	month = {jun},
	publisher = {{AIP} Publishing},
	volume = {58},
	number = {12},
	pages = {5745--5759},
	author = {B. Huron and J. P. Malrieu and P. Rancurel},
	title = {Iterative perturbation calculations of ground and excited state energies from multiconfigurational zeroth-order wavefunctions},
	journal = {The Journal of Chemical Physics}
}

@article{Pauncz_1989,
	doi = {10.1002/qua.560350607},
	url = {https://doi.org/10.1002%2Fqua.560350607},
	year = 1989,
	month = {jun},
	publisher = {Wiley},
	volume = {35},
	number = {6},
	pages = {717--719},
	author = {Ruben Pauncz},
	title = {The Waller-Hartree double determinant in quantum chemistry},
	journal = {International Journal of Quantum Chemistry}
}

@article{Scemama_2013,
	author = {Scemama, Anthony and Giner, Emmanuel},
	title = {{An efficient implementation of Slater-Condon rules}},
	journal = {arXiv},
	year = {2013},
	month = {Nov},
	eprint = {1311.6244},
	url = {https://arxiv.org/abs/1311.6244}
}

@misc{qp,
  authors = {Scemama, Anthony and Applencourt, Thomas and Garniron, Yann and Giner, Emmanuel},
  url = {https://github.com/LCPQ/quantum\_package},
  title = {Quantum Package},
  year = {2018}
}


@misc{NextBit,
  authors = {Sean Eron Anderson},
  url = {https://graphics.stanford.edu/~seander/bithacks.html#NextBitPermutation},
  title = {Bit Twiddling Hacks},
  note = {Accessed Nov 15 2018},
  year = {2018}
}

@inproceedings{Andersson_1995,
  doi = {10.1145/225058.225173},
  url = {http://dx.doi.org/10.1145/225058.225173},
  year = {1995},
  publisher = {{ACM} Press},
  author = {Arne Andersson and Torben Hagerup and Stefan Nilsson and Rajeev Raman},
  title = {{Sorting in linear time?}},
  booktitle = {Proceedings of the twenty-seventh annual {ACM} symposium on Theory of computing - {STOC} 95},
}


@article{Bitton_1983,
	author = {Bitton, Dina and DeWitt, David J.},
	title = {{Duplicate record elimination in large data files}},
	journal = {ACM Trans. Database Syst.},
	volume = {8},
	number = {2},
	pages = {255--265},
	year = {1983},
	month = {Jun},
	issn = {0362-5915},
	publisher = {ACM},
	doi = {10.1145/319983.319987}
}


@article{Weigend_2005,
	doi = {10.1039/b508541a},
	url = {https://doi.org/10.1039%2Fb508541a},
	year = 2005,
	publisher = {Royal Society of Chemistry ({RSC})},
	volume = {7},
	number = {18},
	pages = {3297},
	author = {Florian Weigend and Reinhart Ahlrichs},
	title = {Balanced basis sets of split valence, triple zeta valence and quadruple zeta valence quality for H to Rn: Design and assessment of accuracy},
	journal = {Physical Chemistry Chemical Physics}
}
